% incl/bib/articles.bib : referencer til artikler
% ------------------------------------------------------------------------------

@article{IEEE,
    author    = "Stephen Cass",
    title     = "The Top Programming Languages 2019",
    journal   = "IEEE Spectrum",
    %volume   = "",
    %number   = "",
    %pages    = "",
    year      = "2019",
    month    = "September",
    %note     = "",
		url				= "https://spectrum.ieee.org/computing/software/the-top-programming-languages-2019"
}
