% books.bib : referencer til lærebøger
% ------------------------------------------------------------------------------


@Book{dmat,
  author    = {Kenneth H. Rosen},
  title     = {Discrete Mathematics and Its Applications},
  publisher = {McGraw-Hill},
  year      = {2013},
  edition   = {7th}
}

@Book{calc,
  author    = {C. Henry Edwards and David E. Penney},
  title     = {Calculus: Early Transcendentals},
  publisher = {Pearson},
  year      = {2014},
  edition   = {7th}
}

@Book{lial,
  author    = {L. Spence and A. Insel and S. Friedberg},
  title     = {Elementary Linear Algebra: A Matrix Approach},
  publisher = {Pearson},
  year      = {2014},
  edition   = {2nd}
}

@Book{Coding,
author    = {Nikhil Abraham},
  title     = {Coding FOR DUMMIES},
  publisher = {John Wiley & Sons, Inc},
  year      = {2015}
}

@Book{Sim,
  author    = {Sheldon M. Ross},
  title     = {Simulation},
  publisher = {Amsterdam : Elsevier},
  year      = {2006},
  edition   = {4nd}
}